@article{ CitA_2J80,
Author = {Sevvana, Madhumati and Vijayan, Vinesh and Zweckstetter, Markus and
   Reinelt, Stefan and Madden, Dean R. and Herbst-Irmer, Regine and
   Sheldrick, George M. and Bott, Michael and Griesinger, Christian and
   Becker, Stefan},
Title = {{A ligand-induced switch in the periplasmic domain of sensor histidine
   kinase CitA}},
Journal = {{JOURNAL OF MOLECULAR BIOLOGY}},
Year = {{2008}},
Volume = {{377}},
Number = {{2}},
Pages = {{512-523}},
Month = {{MAR 21}},
DOI = {{10.1016/j.jmb.2008.01.024}},
ISSN = {{0022-2836}},
Unique-ID = {{ISI:000254586100018}},
}


@article{ BSLA_1I6W,
Author = {van Pouderoyen, G and Eggert, T and Jaeger, KE and Dijkstra, BW},
Title = {{The crystal structure of Bacillus subtilis lipase: A minimal alpha/beta
   hydrolase fold enzyme}},
Journal = {{JOURNAL OF MOLECULAR BIOLOGY}},
Year = {{2001}},
Volume = {{309}},
Number = {{1}},
Pages = {{215-226}},
Month = {{MAY 25}},
DOI = {{10.1006/jmbi.2001.4659}},
ISSN = {{0022-2836}},
Unique-ID = {{ISI:000169034800017}},
}


@article{ BSLA_directedEvolution,
Author = {Funke, SA and Eipper, A and Reetz, MT and Otte, N and Thiel, W and Van
   Pouderoyen, G and Dijkstra, BW and Jaeger, KE and Eggert, T},
Title = {{Directed evolution of an enantioselective Bacillus subtilis lipase}},
Journal = {{BIOCATALYSIS AND BIOTRANSFORMATION}},
Year = {{2003}},
Volume = {{21}},
Number = {{2}},
Pages = {{67-73}},
Month = {{APR}},
Note = {{Congress on Engineering Enzymes for Biocatalysts by Using Directed
   Evolution, PARIS, FRANCE, SEP 14-16, 2002}},
Organization = {{European Federat Biotechnol, Sect Appl Biocatalysis}},
DOI = {{10.1080/1024242031000110847}},
ISSN = {{1024-2422}},
Unique-ID = {{ISI:000184145000003}},
}


@article{ bacillusSubtilis,
Author = {DARTOIS, V and BAULARD, A and SCHANCK, K and COLSON, C},
Title = {{CLONING, NUCLEOTIDE-SEQUENCE AND EXPRESSION IN ESCHERICHIA-COLI OF A
   LIPASE GENE FROM BACILLUS-SUBTILIS 168}},
Journal = {{BIOCHIMICA ET BIOPHYSICA ACTA}},
Year = {{1992}},
Volume = {{1131}},
Number = {{3}},
Pages = {{253-260}},
Month = {{JUL 15}},
DOI = {{10.1016/0167-4781(92)90023-S}},
ISSN = {{0006-3002}},
Unique-ID = {{ISI:A1992JE73600002}},
}


@article{ BSsecretion,
Author = {Tjalsma, H and Bolhuis, A and Jongbloed, JDH and Bron, S and van Dijl,
   JM},
Title = {{Signal peptide-dependent protein transport in Bacillus subtilis: a
   genome-based survey of the secretome}},
Journal = {{MICROBIOLOGY AND MOLECULAR BIOLOGY REVIEWS}},
Year = {{2000}},
Volume = {{64}},
Number = {{3}},
Pages = {{515+}},
Month = {{SEP}},
DOI = {{10.1128/MMBR.64.3.515-547.2000}},
ISSN = {{1092-2172}},
ResearcherID-Numbers = {{Bolhuis, Albert/E-9932-2010
   Tjalsma, Harold/I-7146-2012
   van Dijl, Jan Maarten/G-1205-2013}},
ORCID-Numbers = {{Bolhuis, Albert/0000-0001-9307-0515
   }},
Unique-ID = {{ISI:000089249600004}},
}


@article{ BSworkhorse,
Author = {HARWOOD, CR},
Title = {{BACILLUS-SUBTILIS AND ITS RELATIVES - MOLECULAR BIOLOGICAL AND
   INDUSTRIAL WORKHORSES}},
Journal = {{TRENDS IN BIOTECHNOLOGY}},
Year = {{1992}},
Volume = {{10}},
Number = {{7}},
Pages = {{247-256}},
Month = {{JUL}},
DOI = {{10.1016/0167-7799(92)90233-L}},
ISSN = {{0167-7799}},
Unique-ID = {{ISI:A1992JE36500006}},
}


@article{ BSdetergents,
Author = {Jaeger, KE and Reetz, MT},
Title = {{Microbial lipases form versatile tools for biotechnology}},
Journal = {{TRENDS IN BIOTECHNOLOGY}},
Year = {{1998}},
Volume = {{16}},
Number = {{9}},
Pages = {{396-403}},
Month = {{SEP}},
DOI = {{10.1016/S0167-7799(98)01195-0}},
ISSN = {{0167-7799}},
Unique-ID = {{ISI:000075506600006}},
}


@article{ alphaBetaHydrolases,
Author = {Nardini, M and Dijkstra, BW},
Title = {{alpha/beta hydrolase fold enzymes: the family keeps growing}},
Journal = {{CURRENT OPINION IN STRUCTURAL BIOLOGY}},
Year = {{1999}},
Volume = {{9}},
Number = {{6}},
Pages = {{732-737}},
Month = {{DEC}},
DOI = {{10.1016/S0959-440X(99)00037-8}},
ISSN = {{0959-440X}},
Unique-ID = {{ISI:000084234300013}},
}


@article{ nucleophileElbow,
Author = {UPPENBERG, J and HANSEN, MT and PATKAR, S and JONES, TA},
Title = {{SEQUENCE, CRYSTAL-STRUCTURE DETERMINATION AND REFINEMENT OF 2 CRYSTAL
   FORMS OF LIPASE-B FROM CANDIDA-ANTARCTICA}},
Journal = {{STRUCTURE}},
Year = {{1994}},
Volume = {{2}},
Number = {{4}},
Pages = {{293-308}},
Month = {{APR 15}},
DOI = {{10.1016/S0969-2126(00)00031-9}},
ISSN = {{0969-2126}},
ResearcherID-Numbers = {{Uppenberg, Jonas/F-5339-2011}},
ORCID-Numbers = {{Uppenberg, Jonas/0000-0002-6788-861X}},
Unique-ID = {{ISI:A1994NJ89500007}},
}


@article{ BSLA_reaction,
Author = {Bocola, M and Otte, N and Jaeger, KE and Reetz, MT and Thiel, W},
Title = {{Learning from directed evolution: Theoretical investigations into
   cooperative mutations in lipase enantioselectivity}},
Journal = {{CHEMBIOCHEM}},
Year = {{2004}},
Volume = {{5}},
Number = {{2}},
Pages = {{214-223}},
Month = {{FEB 6}},
Note = {{86th International Titisee Conference, Titisee, GERMANY, OCT 23-27, 2002}},
Organization = {{Boehringer Ingelheim Fonds}},
DOI = {{10.1002/cbic.2003200731}},
ISSN = {{1439-4227}},
Unique-ID = {{ISI:000189184800011}},
}
